<record><leader>00000cas a22000007a 4500</leader><controlfield tag="001">10344897</controlfield><controlfield tag="008">840127d18731873njuwr ne      0    0eng d</controlfield><datafield ind1=" " ind2=" " tag="010"><subfield code="a">sn 84026205 </subfield></datafield><datafield ind1=" " ind2=" " tag="040"><subfield code="a">NPU</subfield><subfield code="b">eng</subfield><subfield code="c">NPU</subfield><subfield code="d">OCL</subfield><subfield code="d">OCLCQ</subfield></datafield><datafield ind1=" " ind2=" " tag="042"><subfield code="a">msc</subfield></datafield><datafield ind1="0" ind2="0" tag="245"><subfield code="a">Rural banner.</subfield></datafield><datafield ind1=" " ind2=" " tag="260"><subfield code="a">Newfield, N.J. :</subfield><subfield code="b">W.V.L. Seigman</subfield></datafield><datafield ind1=" " ind2=" " tag="300"><subfield code="a">v. ;</subfield><subfield code="c">56 cm.</subfield></datafield><datafield ind1=" " ind2=" " tag="310"><subfield code="a">Weekly</subfield></datafield><datafield ind1="1" ind2=" " tag="362"><subfield code="a">Began in 1873; ceased in 1873.</subfield><subfield code="z">Cf. Direct. of N.J. newspapers, 1765-1970 / Wright &amp; Stellhorn.</subfield></datafield><datafield ind1=" " ind2=" " tag="500"><subfield code="a">"An independent family journal devoted to the development and improvement of South Jersey."</subfield></datafield><datafield ind1=" " ind2=" " tag="588"><subfield code="a">Description based on: Vol. 1, no. 39 (Feb. 1, 1873).</subfield></datafield><datafield ind1=" " ind2=" " tag="752"><subfield code="a">United States</subfield><subfield code="b">New Jersey</subfield><subfield code="c">Gloucester</subfield><subfield code="d">Newfield.</subfield></datafield></record>